<?xml version="1.0" encoding="UTF-8"?><record xmlns="http://www.loc.gov/MARC21/slim" xmlns:cinclude="http://apache.org/cocoon/include/1.0" xmlns:zs="http://www.loc.gov/zing/srw/">
  <leader>00458cz  a2200133n  4500</leader>
  <controlfield tag="001">n  90658751 </controlfield>
  <controlfield tag="003">DLC</controlfield>
  <controlfield tag="005">19960904140720.1</controlfield>
  <controlfield tag="008">900618n| acannaab|          |n aaa |||  </controlfield>
  <datafield tag="010" ind1=" " ind2=" ">
    <subfield code="a">n  90658751 </subfield>
  </datafield>
  <datafield tag="040" ind1=" " ind2=" ">
    <subfield code="a">DLC</subfield>
    <subfield code="c">DLC</subfield>
    <subfield code="d">DLC</subfield>
  </datafield>
  <datafield tag="100" ind1="1" ind2="0">
    <subfield code="a">Ayers, Brian</subfield>
  </datafield>
  <datafield tag="670" ind1=" " ind2=" ">
    <subfield code="a">nuc90-40193: His Excavations within the north-east ... 1985</subfield>
    <subfield code="b">(hdg. on CaBVaU rept.: Ayers, Brian; usage: Brian Ayers)</subfield>
  </datafield>
  <datafield tag="670" ind1=" " ind2=" ">
    <subfield code="a">Excavations at Fishergate, Norwich, 1985, 1994:</subfield>
    <subfield code="b">t.p. (Brian S. Ayers)</subfield>
  </datafield>
</record>